<record><leader>00000cas a22000007a 4500</leader><controlfield tag="001">12396366</controlfield><controlfield tag="008">850817d18821891pauwr ne      0    0eng d</controlfield><controlfield tag="009">3783</controlfield><datafield ind1=" " ind2=" " tag="010"><subfield code="a">sn 85038409 </subfield></datafield><datafield ind1=" " ind2=" " tag="040"><subfield code="a">NPY</subfield><subfield code="b">eng</subfield><subfield code="c">NPY</subfield><subfield code="d">NPH</subfield><subfield code="d">DLC</subfield><subfield code="d">NPX</subfield><subfield code="d">NPH</subfield><subfield code="d">CNK</subfield></datafield><datafield ind1=" " ind2=" " tag="042"><subfield code="a">msc</subfield></datafield><datafield ind1="0" ind2=" " tag="130"><subfield code="a">Carlisle herald (Carlisle, Pa. : 1882)</subfield></datafield><datafield ind1="0" ind2="0" tag="245"><subfield code="a">Carlisle herald.</subfield></datafield><datafield ind1=" " ind2=" " tag="260"><subfield code="a">Carlisle, Pa. :</subfield><subfield code="b">Herald Print. &amp; Pub. Co.,</subfield><subfield code="c">1882-1891.</subfield></datafield><datafield ind1=" " ind2=" " tag="300"><subfield code="a">v. ;</subfield><subfield code="c">70 cm.</subfield></datafield><datafield ind1=" " ind2=" " tag="310"><subfield code="a">Weekly</subfield></datafield><datafield ind1="0" ind2=" " tag="362"><subfield code="a">Vol. 82, no. 23 (June 8, 1882)-v. 91, no. 30 (July 31, 1891).</subfield></datafield><datafield ind1=" " ind2=" " tag="752"><subfield code="a">United States</subfield><subfield code="b">Pennsylvania</subfield><subfield code="c">Cumberland</subfield><subfield code="d">Carlisle.</subfield></datafield><datafield ind1="0" ind2=" " tag="775"><subfield code="t">Carlisle daily herald</subfield><subfield code="w">(DLC)sn 86081821</subfield></datafield><datafield ind1="0" ind2="0" tag="780"><subfield code="t">Herald and mirror (Carlisle, Pa.)</subfield><subfield code="w">(DLC)sn 86081615</subfield></datafield><datafield ind1="0" ind2="0" tag="785"><subfield code="t">Carlisle weekly herald</subfield><subfield code="w">(DLC)sn 89077083</subfield></datafield></record>